%% This BibTeX bibliography file was created using BibDesk.
%% http://bibdesk.sourceforge.net/


%% Created for Ryan Tanner at 2012-02-12 17:35:03 -0600 


%% Saved with string encoding Unicode (UTF-8) 



@manual{stanforddep,
	Author = {Marie-Catherine de Marne Marie-Catherine de Marneffe and Christopher D. Manning},
	Date-Added = {2012-01-30 00:08:29 +0000},
	Date-Modified = {2012-01-30 00:09:06 +0000},
	Organization = {Stanford University},
	Title = {Stanford typed dependencies manual}}

@article{Dean:2008:MSD:1327452.1327492,
	Acmid = {1327492},
	Address = {New York, NY, USA},
	Author = {Dean, Jeffrey and Ghemawat, Sanjay},
	Date-Added = {2012-01-26 00:43:06 +0000},
	Date-Modified = {2012-01-26 00:43:06 +0000},
	Doi = {http://doi.acm.org/10.1145/1327452.1327492},
	Issn = {0001-0782},
	Issue = {1},
	Issue_Date = {January 2008},
	Journal = {Commun. ACM},
	Month = jan,
	Numpages = {7},
	Pages = {107--113},
	Publisher = {ACM},
	Title = {MapReduce: simplified data processing on large clusters},
	Url = {http://doi.acm.org/10.1145/1327452.1327492},
	Volume = {51},
	Year = {2008},
	Bdsk-File-1 = {YnBsaXN0MDDUAQIDBAUIJidUJHRvcFgkb2JqZWN0c1gkdmVyc2lvblkkYXJjaGl2ZXLRBgdUcm9vdIABqAkKFRYXGyIjVSRudWxs0wsMDQ4RFFpOUy5vYmplY3RzV05TLmtleXNWJGNsYXNzog8QgASABqISE4ACgAOAB1lhbGlhc0RhdGFccmVsYXRpdmVQYXRo0hgNGRpXTlMuZGF0YU8RAXYAAAAAAXYAAgAADE1hY2ludG9zaCBIRAAAAAAAAAAAAAAAAAAAAMmnQP9IKwAAAAu1+Q1wMTA3LWRlYW4ucGRmAAAAAAAAAAAAAAAAAAAAAAAAAAAAAAAAAAAAAAAAAAAAAAAAAAAAAAAAAAAAAAAAAAAEMhvIy0X9oAAAAAAAAAAAAAMAAgAACSAAAAAAAAAAAAAAAAAAAAAJRG93bmxvYWRzAAAQAAgAAMmnh08AAAARAAgAAMtGUgAAAAABAAwAC7X5AAtQGwAAmDkAAgAyTWFjaW50b3NoIEhEOlVzZXJzOgBSeWFuOgBEb3dubG9hZHM6AHAxMDctZGVhbi5wZGYADgAcAA0AcAAxADAANwAtAGQAZQBhAG4ALgBwAGQAZgAPABoADABNAGEAYwBpAG4AdABvAHMAaAAgAEgARAASACJVc2Vycy9SeWFuL0Rvd25sb2Fkcy9wMTA3LWRlYW4ucGRmABMAAS8AABUAAgAL//8AAIAF0hwdHh9YJGNsYXNzZXNaJGNsYXNzbmFtZaMfICFdTlNNdXRhYmxlRGF0YVZOU0RhdGFYTlNPYmplY3RfECAuLi8uLi8uLi9Eb3dubG9hZHMvcDEwNy1kZWFuLnBkZtIcHSQloiUhXE5TRGljdGlvbmFyeRIAAYagXxAPTlNLZXllZEFyY2hpdmVyAAgAEQAWAB8AKAAyADUAOgA8AEUASwBSAF0AZQBsAG8AcQBzAHYAeAB6AHwAhgCTAJgAoAIaAhwCIQIqAjUCOQJHAk4CVwJ6An8CggKPApQAAAAAAAACAQAAAAAAAAAoAAAAAAAAAAAAAAAAAAACpg==}}
