%% This BibTeX bibliography file was created using BibDesk.
%% http://bibdesk.sourceforge.net/


%% Created for Ryan Tanner at 2012-04-09 03:16:13 -0500 


%% Saved with string encoding Unicode (UTF-8) 



@article{nlpdeps,
	Author = {Marie-Catherine de Marneffe and Bill MacCartney and Christopher D. Manning},
	Date-Added = {2012-04-09 08:15:30 +0000},
	Date-Modified = {2012-04-09 08:16:13 +0000},
	Journal = {LREC},
	Title = {Generating Typed Dependencies from Phrase Structure Parsers},
	Year = {2006}}

@article{nlpfparse,
	Author = {Dan Klein and Christopher D. Manning},
	Date-Added = {2012-04-09 08:14:44 +0000},
	Date-Modified = {2012-04-09 08:15:24 +0000},
	Journal = {Advances in Neural Information Processing Systems},
	Pages = {3--10},
	Title = {Fast Extract inference with a Factored Model for Natural Language Parsing},
	Volume = {15},
	Year = {2002}}

@article{nlpparser,
	Author = {Dan Klein and Christopher D. Manning},
	Date-Added = {2012-04-09 08:13:33 +0000},
	Date-Modified = {2012-04-09 08:14:33 +0000},
	Journal = {Proceedings of the 41st Meeting of the Association for Computational Linguistics},
	Pages = {423--430},
	Title = {Accurate Unlexicalized Parsing},
	Year = {2003}}

@webpage{timbl,
	Date-Added = {2012-04-09 08:00:16 +0000},
	Date-Modified = {2012-04-09 08:00:20 +0000},
	Url = {http://dig.csail.mit.edu/breadcrumbs/node/215}}

@article{RN25892292820090101,
	Author = {Bizer, C. and Heath, T. and Berners-Lee, T.},
	Date-Added = {2012-04-07 02:38:26 +0000},
	Date-Modified = {2012-04-07 02:38:26 +0000},
	Issn = {15526283},
	Journal = {INTERNATIONAL JOURNAL ON SEMANTIC WEB AND INFORMATION SYSTEMS},
	Number = {3},
	Pages = {1 - 22},
	Title = {Linked Data - The Story So Far.},
	Url = {http://libproxy.trinity.edu:80/login?url=http://search.ebscohost.com/login.aspx?direct=true&db=edsbl&AN=RN258922928&site=eds-live},
	Volume = {5},
	Year = {2009},
	Bdsk-Url-1 = {http://libproxy.trinity.edu:80/login?url=http://search.ebscohost.com/login.aspx?direct=true&db=edsbl&AN=RN258922928&site=eds-live}}

@webpage{geocode,
	Date-Added = {2012-04-06 04:06:06 +0000},
	Date-Modified = {2012-04-06 04:06:09 +0000},
	Url = {https://developers.google.com/maps/documentation/geocoding/}}

@webpage{squeryl,
	Date-Added = {2012-04-06 03:03:15 +0000},
	Date-Modified = {2012-04-06 03:03:21 +0000},
	Url = {http://squeryl.org/}}

@webpage{wikistats,
	Date-Added = {2012-03-18 18:33:27 +0000},
	Date-Modified = {2012-03-18 18:33:29 +0000},
	Url = {http://en.wikipedia.org/wiki/Special:Statistics}}

@webpage{wikiviz,
	Date-Added = {2012-03-18 18:28:37 +0000},
	Date-Modified = {2012-03-18 18:28:43 +0000},
	Url = {http://www.chrisharrison.net/projects/wikiviz/index.html}}

@book{nlpbook,
	Author = {Daniel Jurafsky and James H. Martin},
	Date-Added = {2012-03-17 17:35:07 +0000},
	Date-Modified = {2012-03-17 17:37:07 +0000},
	Publisher = {Prentice Hill},
	Title = {Speech and Natural Language Processing},
	Year = {2000}}

@webpage{muc,
	Date-Added = {2012-03-16 04:19:46 +0000},
	Date-Modified = {2012-03-16 04:19:49 +0000},
	Url = {http://www.ldc.upenn.edu/Catalog/CatalogEntry.jsp?catalogId=LDC2001T02}}

@misc{Ratnaparkhi96amaximum,
	Author = {Adwait Ratnaparkhi},
	Date-Added = {2012-03-16 03:46:47 +0000},
	Date-Modified = {2012-03-16 03:46:47 +0000},
	Title = {A Maximum Entropy Model for Part-Of-Speech Tagging},
	Year = {1996}}

@webpage{ptb,
	Date-Added = {2012-03-16 03:30:16 +0000},
	Date-Modified = {2012-03-16 03:30:20 +0000},
	Url = {http://www.cis.upenn.edu/~treebank/tokenization.html}}

@webpage{nlp,
	Date-Added = {2012-03-16 03:24:55 +0000},
	Date-Modified = {2012-03-16 03:24:57 +0000},
	Url = {http://nlp.stanford.edu/}}

@webpage{bliki,
	Date-Added = {2012-03-16 03:07:33 +0000},
	Date-Modified = {2012-03-16 03:07:35 +0000},
	Url = {http://code.google.com/p/gwtwiki/}}

@webpage{mwdump,
	Date-Added = {2012-03-16 01:15:56 +0000},
	Date-Modified = {2012-03-16 01:16:00 +0000},
	Url = {http://www.mediawiki.org/wiki/Mwdumper}}

@webpage{wikidump,
	Date-Added = {2012-03-16 01:01:20 +0000},
	Date-Modified = {2012-03-16 01:01:24 +0000},
	Url = {http://en.wikipedia.org/wiki/Wikipedia:Database_download}}

@inproceedings{garcia-gamallo:2011:IEKA,
	Address = {Hissar, Bulgaria},
	Author = {Garcia, Marcos and Gamallo, Pablo},
	Booktitle = {Proceedings of the RANLP 2011 Workshop on Information Extraction and Knowledge Acquisition},
	Date-Added = {2012-03-15 17:51:47 +0000},
	Date-Modified = {2012-03-15 17:51:47 +0000},
	Month = {September},
	Pages = {21--28},
	Publisher = {Association for Computational Linguistics},
	Title = {Dependency-Based Text Compression for Semantic Relation Extraction},
	Url = {http://www.aclweb.org/anthology/W/W05/W05-0205},
	Year = {2011},
	Bdsk-Url-1 = {http://www.aclweb.org/anthology/W/W05/W05-0205}}

@webpage{texjour1,
	Date-Added = {2012-03-15 16:37:59 +0000},
	Date-Modified = {2012-03-15 16:38:02 +0000},
	Url = {http://www.texastribune.org/texas-mexico-border-news/texas-mexico-border/despite-murdered-reporters-mexican-paper-goes-on/}}

@webpage{texjour,
	Date-Added = {2012-03-15 16:36:58 +0000},
	Date-Modified = {2012-03-15 16:37:02 +0000},
	Url = {https://www.google.com/fusiontables/DataSource?docid=1vNWCU2E3aW-QaW7WW2_KpeKygE4a6gELMXkTmg}}

@webpage{texpres,
	Date-Added = {2012-03-15 16:23:15 +0000},
	Date-Modified = {2012-03-15 16:23:17 +0000},
	Url = {http://www.texastribune.org/library/data/presidential-contributions-zip-code-2011/}}

@webpage{textrib,
	Date-Added = {2012-03-15 16:12:07 +0000},
	Date-Modified = {2012-03-15 16:12:17 +0000},
	Url = {http://www.texastribune.org/about/}}

@book{semweb,
	Author = {Toby Segaran and Colin Evans and Jamie Taylor},
	Date-Added = {2012-03-15 15:57:32 +0000},
	Date-Modified = {2012-03-15 15:58:13 +0000},
	Publisher = {O'Reilly Media},
	Title = {Programming the Semantic Web},
	Year = {2009}}

@inproceedings{Gabrilovich:2007:CSR:1625275.1625535,
	Acmid = {1625535},
	Address = {San Francisco, CA, USA},
	Author = {Gabrilovich, Evgeniy and Markovitch, Shaul},
	Booktitle = {Proceedings of the 20th international joint conference on Artifical intelligence},
	Date-Added = {2012-03-14 01:58:06 +0000},
	Date-Modified = {2012-03-14 01:58:06 +0000},
	Location = {Hyderabad, India},
	Numpages = {6},
	Pages = {1606--1611},
	Publisher = {Morgan Kaufmann Publishers Inc.},
	Series = {IJCAI'07},
	Title = {Computing semantic relatedness using Wikipedia-based explicit semantic analysis},
	Url = {http://dl.acm.org/citation.cfm?id=1625275.1625535},
	Year = {2007},
	Bdsk-Url-1 = {http://dl.acm.org/citation.cfm?id=1625275.1625535}}

@inproceedings{Muller:2008:UWW:1813809.1813844,
	Acmid = {1813844},
	Address = {Berlin, Heidelberg},
	Author = {M\"{u}ller, Christof and Gurevych, Iryna},
	Booktitle = {Proceedings of the 9th Cross-language evaluation forum conference on Evaluating systems for multilingual and multimodal information access},
	Date-Added = {2012-03-14 01:48:39 +0000},
	Date-Modified = {2012-03-14 01:48:39 +0000},
	Isbn = {3-642-04446-8, 978-3-642-04446-5},
	Keywords = {collaborative knowledge bases, cross-language information retrieval, information retrieval, semantic relatedness},
	Location = {Aarhus, Denmark},
	Numpages = {8},
	Pages = {219--226},
	Publisher = {Springer-Verlag},
	Series = {CLEF'08},
	Title = {Using Wikipedia and Wiktionary in domain-specific information retrieval},
	Url = {http://dl.acm.org/citation.cfm?id=1813809.1813844},
	Year = {2009},
	Bdsk-Url-1 = {http://dl.acm.org/citation.cfm?id=1813809.1813844}}

@inproceedings{Ruiz-casado05automaticassignment,
	Author = {Maria Ruiz-casado and Enrique Alfonseca and Pablo Castells},
	Booktitle = {In: Proceedings of the Atlantic Web Intelligence Conference, AWIC-2005. Volume 3528 of Lecture Notes in Computer Science},
	Date-Added = {2012-03-14 01:07:13 +0000},
	Date-Modified = {2012-03-14 01:07:13 +0000},
	Pages = {380--386},
	Publisher = {Springer Verlag},
	Title = {Automatic Assignment of Wikipedia Encyclopedic Entries to WordNet Synsets},
	Year = {2005}}

@manual{stanforddep,
	Author = {Marie-Catherine de Marne Marie-Catherine de Marneffe and Christopher D. Manning},
	Date-Added = {2012-01-30 00:08:29 +0000},
	Date-Modified = {2012-01-30 00:09:06 +0000},
	Organization = {Stanford University},
	Title = {Stanford typed dependencies manual}}

@article{Dean:2008:MSD:1327452.1327492,
	Acmid = {1327492},
	Address = {New York, NY, USA},
	Author = {Dean, Jeffrey and Ghemawat, Sanjay},
	Date-Added = {2012-01-26 00:43:06 +0000},
	Date-Modified = {2012-01-26 00:43:06 +0000},
	Doi = {http://doi.acm.org/10.1145/1327452.1327492},
	Issn = {0001-0782},
	Issue = {1},
	Issue_Date = {January 2008},
	Journal = {Commun. ACM},
	Month = jan,
	Numpages = {7},
	Pages = {107--113},
	Publisher = {ACM},
	Title = {MapReduce: simplified data processing on large clusters},
	Url = {http://doi.acm.org/10.1145/1327452.1327492},
	Volume = {51},
	Year = {2008},
	Bdsk-File-1 = {YnBsaXN0MDDUAQIDBAUIJidUJHRvcFgkb2JqZWN0c1gkdmVyc2lvblkkYXJjaGl2ZXLRBgdUcm9vdIABqAkKFRYXGyIjVSRudWxs0wsMDQ4RFFpOUy5vYmplY3RzV05TLmtleXNWJGNsYXNzog8QgASABqISE4ACgAOAB1lhbGlhc0RhdGFccmVsYXRpdmVQYXRo0hgNGRpXTlMuZGF0YU8RAXYAAAAAAXYAAgAADE1hY2ludG9zaCBIRAAAAAAAAAAAAAAAAAAAAMmnQP9IKwAAAAu1+Q1wMTA3LWRlYW4ucGRmAAAAAAAAAAAAAAAAAAAAAAAAAAAAAAAAAAAAAAAAAAAAAAAAAAAAAAAAAAAAAAAAAAAEMhvIy0X9oAAAAAAAAAAAAAQAAgAACSAAAAAAAAAAAAAAAAAAAAAJRG93bmxvYWRzAAAQAAgAAMmnh08AAAARAAgAAMtGUgAAAAABAAwAC7X5AAtQGwAAmDkAAgAyTWFjaW50b3NoIEhEOlVzZXJzOgBSeWFuOgBEb3dubG9hZHM6AHAxMDctZGVhbi5wZGYADgAcAA0AcAAxADAANwAtAGQAZQBhAG4ALgBwAGQAZgAPABoADABNAGEAYwBpAG4AdABvAHMAaAAgAEgARAASACJVc2Vycy9SeWFuL0Rvd25sb2Fkcy9wMTA3LWRlYW4ucGRmABMAAS8AABUAAgAL//8AAIAF0hwdHh9YJGNsYXNzZXNaJGNsYXNzbmFtZaMfICFdTlNNdXRhYmxlRGF0YVZOU0RhdGFYTlNPYmplY3RfECMuLi8uLi8uLi8uLi9Eb3dubG9hZHMvcDEwNy1kZWFuLnBkZtIcHSQloiUhXE5TRGljdGlvbmFyeRIAAYagXxAPTlNLZXllZEFyY2hpdmVyAAgAEQAWAB8AKAAyADUAOgA8AEUASwBSAF0AZQBsAG8AcQBzAHYAeAB6AHwAhgCTAJgAoAIaAhwCIQIqAjUCOQJHAk4CVwJ9AoIChQKSApcAAAAAAAACAQAAAAAAAAAoAAAAAAAAAAAAAAAAAAACqQ==}}
